@book{goodfellow2016deep,
	author    = {Goodfellow, Ian and Bengio, Yoshua and Courville, Aaron},
	title     = {Deep Learning},
	year      = {2016},
	publisher = {MIT Press},
	address   = {Cambridge, MA}
}

@book{foster2019generative,
	author    = {Foster, David},
	title     = {Generative Deep Learning: Teaching Machines to Paint, Write, Compose, and Play},
	year      = {2019},
	publisher = {O'Reilly Media},
	address   = {Sebastopol, CA}
}

@book{langr2019gans,
	author    = {Langr, Jakub and Bok, Vladimir},
	title     = {GANs in Action: Deep Learning with Generative Adversarial Networks},
	year      = {2019},
	publisher = {Manning Publications},
	address   = {Shelter Island, NY}
}


@article{jimaging8110310,
	AUTHOR = {Man, Keith and Chahl, Javaan},
	TITLE = {A Review of Synthetic Image Data and Its Use in Computer Vision},
	JOURNAL = {Journal of Imaging},
	VOLUME = {8},
	YEAR = {2022},
	NUMBER = {11},
	ARTICLE-NUMBER = {310},
	URL = {https://www.mdpi.com/2313-433X/8/11/310},
}

@article{lugmayr2022survey,
	title={Generative adversarial networks for image super-resolution: A survey},
	author={Lugmayr, Andreas and Danelljan, Martin and Timofte, Radu},
	journal={arXiv preprint arXiv:2204.13620},
	year={2022}
}

@article{kinezi,
	author = {Ghosheh, Ghadeer and Jin, Li and Zhu, Tingting},
	year = {2022},
	month = {03},
	pages = {},
	title = {A review of Generative Adversarial Networks for Electronic Health Records: applications, evaluation measures and data sources},
	doi = {10.48550/arXiv.2203.07018}
}

@article{bo2021style,
	title={Style Transfer Analysis Based on Generative Adversarial Networks},
	author={Bo, Xihao and Jing, Xiaoyang and Yang, Xiaojian},
	booktitle={2021 IEEE International Conference on Computer Science, Electronic Information Engineering and Intelligent Control Technology (CEI)},
	pages={27--30},
	year={2021},
	organization={IEEE},
	doi={10.1109/CEI52496.2021.9574507}
}

@article{CycleGAN2017,
	title={Unpaired Image-to-Image Translation using Cycle-Consistent Adversarial Networks},
	author={Zhu, Jun-Yan and Park, Taesung and Isola, Phillip and Efros, Alexei A.},
	booktitle={Proceedings of the IEEE International Conference on Computer Vision (ICCV)},
	year={2017}
}

@article{weng2018VAE,
	title   = "From Autoencoder to Beta-VAE",
	author  = "Weng, Lilian",
	journal = "lilianweng.github.io",
	year    = "2018",
	url     = "https://lilianweng.github.io/posts/2018-08-12-vae/"
}

@InProceedings{wang2021realesrgan,
	author    = {Xintao Wang and Liangbin Xie and Chao Dong and Ying Shan},
	title     = {Real-ESRGAN: Training Real-World Blind Super-Resolution with Pure Synthetic Data},
	booktitle = {International Conference on Computer Vision Workshops (ICCVW)},
	date      = {2021}
}

